<record><leader>00000cas a2200000 a 4500</leader><controlfield tag="001">9518465</controlfield><controlfield tag="008">830517d18uu1930iludn ne      0   b0nor c</controlfield><datafield ind1=" " ind2=" " tag="010"><subfield code="a">sn 83045475 </subfield></datafield><datafield ind1=" " ind2=" " tag="040"><subfield code="a">CRL</subfield><subfield code="b">eng</subfield><subfield code="c">CRL</subfield><subfield code="d">NPW</subfield><subfield code="d">NPV</subfield><subfield code="d">NOP</subfield><subfield code="d">NVF</subfield><subfield code="d">MGN</subfield><subfield code="d">NVF</subfield><subfield code="d">OCL</subfield><subfield code="d">CVF</subfield><subfield code="d">NVF</subfield><subfield code="d">OCLCQ</subfield><subfield code="d">OCLCF</subfield><subfield code="d">OCLCO</subfield><subfield code="d">NVF</subfield><subfield code="d">OCLCO</subfield><subfield code="d">OCL</subfield><subfield code="d">OCLCO</subfield></datafield><datafield ind1=" " ind2=" " tag="019"><subfield code="a">10489757</subfield></datafield><datafield ind1="1" ind2=" " tag="029"><subfield code="a">AU@</subfield><subfield code="b">000020227710</subfield></datafield><datafield ind1=" " ind2=" " tag="042"><subfield code="a">pcc</subfield></datafield><datafield ind1=" " ind2=" " tag="043"><subfield code="a">n-us-il</subfield></datafield><datafield ind1="0" ind2=" " tag="130"><subfield code="a">Skandinaven (Chicago, Ill. : Daily)</subfield></datafield><datafield ind1="1" ind2="0" tag="245"><subfield code="a">Skandinaven.</subfield></datafield><datafield ind1="1" ind2=" " tag="246"><subfield code="i">Published as:</subfield><subfield code="a">Skandinaven og Amerika</subfield><subfield code="f">&lt;Jan. 3-Dec. 31, 1873&gt;</subfield></datafield><datafield ind1=" " ind2=" " tag="250"><subfield code="a">Daglige udgave.</subfield></datafield><datafield ind1=" " ind2=" " tag="260"><subfield code="a">Chicago, Ill. :</subfield><subfield code="b">Johnson, Anderson &amp; Lawson</subfield></datafield><datafield ind1=" " ind2=" " tag="300"><subfield code="a">volumes ;</subfield><subfield code="c">64 cm.</subfield></datafield><datafield ind1=" " ind2=" " tag="310"><subfield code="a">Daily (except Sunday)</subfield></datafield><datafield ind1="0" ind2=" " tag="362"><subfield code="a">-64de aargang, no. 76 (31 mars 1930).</subfield></datafield><datafield ind1=" " ind2=" " tag="500"><subfield code="a">Issues for &lt;Jan. 1-Dec. 31, 1873&gt; called: Daglige udgave.</subfield></datafield><datafield ind1=" " ind2=" " tag="515"><subfield code="a">Issues for &lt;Jan. 3&gt;-Aug. 12, 1873 called also &lt;1ste aargang, no. 118&gt;-no. 303.</subfield></datafield><datafield ind1=" " ind2=" " tag="546"><subfield code="a">In Norwegian.</subfield></datafield><datafield ind1=" " ind2=" " tag="588"><subfield code="a">Description based on: 5te aargang, no. 181 (3de jan. 1873).</subfield></datafield><datafield ind1=" " ind2="0" tag="650"><subfield code="a">Norwegian Americans</subfield><subfield code="z">Illinois</subfield><subfield code="z">Chicago</subfield><subfield code="v">Newspapers.</subfield></datafield><datafield ind1=" " ind2="0" tag="650"><subfield code="a">Norwegian American newspapers</subfield><subfield code="z">Illinois</subfield><subfield code="z">Chicago.</subfield></datafield><datafield ind1=" " ind2="0" tag="651"><subfield code="a">Chicago (Ill.)</subfield><subfield code="v">Newspapers.</subfield></datafield><datafield ind1=" " ind2="7" tag="650"><subfield code="a">Norwegian American newspapers.</subfield><subfield code="2">fast</subfield><subfield code="0">(OCoLC)fst01039350</subfield></datafield><datafield ind1=" " ind2="7" tag="650"><subfield code="a">Norwegian Americans.</subfield><subfield code="2">fast</subfield><subfield code="0">(OCoLC)fst01039354</subfield></datafield><datafield ind1=" " ind2="7" tag="651"><subfield code="a">Illinois</subfield><subfield code="z">Chicago.</subfield><subfield code="2">fast</subfield><subfield code="0">(OCoLC)fst01204048</subfield></datafield><datafield ind1=" " ind2="7" tag="655"><subfield code="a">Newspapers.</subfield><subfield code="2">fast</subfield><subfield code="0">(OCoLC)fst01423814</subfield></datafield><datafield ind1=" " ind2=" " tag="752"><subfield code="a">United States</subfield><subfield code="b">Illinois</subfield><subfield code="c">Cook County</subfield><subfield code="d">Chicago.</subfield></datafield><datafield ind1="0" ind2=" " tag="775"><subfield code="t">Skandinaven (Chicago, Ill. : Weekly)</subfield><subfield code="w">(DLC)sn 83045493</subfield><subfield code="w">(OCoLC)9493902</subfield></datafield><datafield ind1="0" ind2=" " tag="775"><subfield code="t">Skandinaven (Chicago, Ill. : Semiweekly)</subfield><subfield code="w">(DLC)sn 84024104</subfield><subfield code="w">(OCoLC)10511242</subfield></datafield><datafield ind1="0" ind2=" " tag="775"><subfield code="t">Skandinaven (Chicago, Ill. : Sunday ed.)</subfield><subfield code="w">(DLC)sn 84024103</subfield><subfield code="w">(OCoLC)10511290</subfield></datafield><datafield ind1="0" ind2="5" tag="780"><subfield code="t">Amerika (Chicago, Ill. : Daily)</subfield><subfield code="w">(DLC)sn 84024199</subfield><subfield code="w">(OCoLC)11091864</subfield></datafield></record>